  
  @ARTICLE{Saharidis_Dallery:2006:Centralized_versus,
  author = {Georgios Saharidis and Yves Dallery and Fikri Karaesmen },
  title = {{Centralized versus decentralized production planning}},
  year = {2006},
  language = {english}
  }
  
 @ARTICLE{Marques_Agostinho:2016:An_Architecture,
  author = {Maria Marques and Carlos Agostinho and Gregory Zacharewicz and Raul Poler and Ricardo Jardim-Gonçalves},
  title = {{An architecture to support responsive production in manufacturing companies }},
  year = {2016},
  language = {english},
  }
  
  @ARTICLE{Hong_Ammons:2008:Centralized_Versus,
  author = {Hong and J.C. Ammons and M.J. Realff},
  title = {{Centralized versus Decentralized Decision-Making for Recycled Material Flows }},
  year = {2008},
  language = {english},
  }
  
  @ARTICLE{Rolon_Martinez:2011:Agent-Based,
  author = {Milagros Rolon and Ernesto Martinez},
  title = {{Agent-based modeling and simulation of an autonomic manufacturing execution system }},
  year = {2011},
  language = {english},
  }
  
  @ARTICLE{Anderson_Bartholdi:2000:Centralized_Vs,
  author = {Carl Anderson and John Bartholdi},
  title = {{Centralized vs Decentralized control in manufacturing: lessons from social insects }},
  year = {2000},
  language = {english},
  }
  
  @ARTICLE{Wangler_Paheerathan:2000:Horizontal_and,
  author = {B. Wangler and S. J. Paheerathan},
  title = {{Horizontal and Vertical Integration of Organizational IT Systems}},
  year = {2000},
  language = {english},
  }
  
  @ARTICLE{Leitao:2009:Agent-Based,
  author = {Paulo Leitao},
  title = {{Agent-based distributed manufacturing control: A state-of-the-art survey}},
  year = {2009},
  language = {english},
  }
  
  @ARTICLE{Tao_Cheng:2014:CCIoT-CMfg,
  author = {Fei Tao and Ying Cheng and Li Da Xu and Lin Zhang and Bo Hu Li},
  title = {{CCIoT-CMfg: Cloud Computing and Internet of Things-Based Cloud Manufacturing Service System}},
  year = {2014},
  language = {english},
  }
  
  @ARTICLE{Lenart:2011:ERP_in,
  author = {A. Lenart},
  title = {{ERP in the cloud – benefits and challenges}},
  year = {2011},
  language = {english},
  }
  
  @ARTICLE{Hwang_Chuang:2011:A_Business,
  author = {Jing-Jang Hwang and Hung-Kai Chuang and Yi-Chang Hsu and Chien-Hsing Wu},
  title = {{A Business Model for Cloud Computing Based on a Separate Encryption and Decryption Service}},
  year = {2011},
  language = {english},
  }
  
  @ARTICLE{Tao_Zhang:2015:Manufacturing_Service,
  author = {Fei Tao and Lin Zhang and Yongkui Liu and Ying Cheng and Lihui Wang and Xun Xu},
  title = {{Manufacturing Service Management in Cloud Manufacturing: Overview and Future Research Directions}},
  year = {2015},
  language = {english},
  }
  
  @ARTICLE{Marston_Li:2010:Cloud_computing,
  author = {Sean Marston and Zhi Li and Subhajyoti Bandyopadhyay and Juheng Zhang and Anand Ghalsasi},
  title = {{Cloud computing — The business perspective}},
  year = {2010},
  language = {english},
  }
  
  @ARTICLE{Voorsluys_Broberg:2010:Introduction_to,
  author = {W. Voorsluys and J. Broberg and R. Buyya},
  title = {{Introduction to cloud computing}},
  year = {2010},
  language = {english},
  }
  
  @ARTICLE{Wood_Gerber:2009:The_Case,
  author = {Timothy Wood and Alexandre Gerber and K.K. Ramakrishnan and Prashant Shenoy and Jacobus Van der Merwe},
  title = {{The Case for Enterprise-Ready Virtual Private Clouds}},
  year = {2009},
  language = {english},
  }
  
  @ARTICLE{Cheng_Podolsky:1996:Just_In,
  author = {T. C. Cheng and S. Podolsky},
  title = {{Just-in-time manufacturing:An introduction}},
  year = {1996},
  language = {english},
  }
  
  @ARTICLE{Mourtzis_Doukas:2012:Decentralized_manufacturing,
  author = {Dimitris Mourtzis and Michalis Doukas},
  title = {{Decentralized manufacturing systems review: challenges and outlook}},
  year = {2012},
  language = {english},
  }
  
  @ARTICLE{Womack_Jones:1996:Lean_Thinking,
  author = {Womack, J.P. and Jones, D.T.},
  title = {{Lean Thinking: Banish waste and Create wealth in your organization}},
  year = {1996},
  language = {english},
  }
  
  @ARTICLE{Pine:1992:Mass_Customization,
  author = {Pine BJ},
  title = {{Mass Customization: The New Frontier in Business Competition}},
  year = {1992},
  language = {english},
  }
  
  @ARTICLE{Ueda_Lengyel:2004:Emergent_Synthesis,
  author = {K. Ueda and A. Lengyel and I. Hatono},
  title = {{Emergent Synthesis Approaches to Control and Planning in Make to Order Manufacturing Environments}},
  year = {2004},
  language = {english},
  }
  
  @ARTICLE{Loedding_Yu:2003:Decentralized_WIP-oriented,
  author = {H. Loedding and K.-W. Yu and H.-P. Wiendahl},
  title = {{Decentralized WIP-oriented manufacturing control}},
  year = {2003},
  language = {english},
  }
  
  @ARTICLE{Zhong_Dai:2012:RFID_enabled,
  author = {Ray Y Zhong and Q.Y. Dai and T. Qu, G.J. Hu and George Q. Huang},
  title = {{RFID-enabled real-time manufacturing execution system for mass-customization production}},
  year = {2012},
  language = {english},
  }
  
  @ARTICLE{Colombo_Neubert:2006:An_Agent_Based,
  author = {Armando Walter Colombo and Ralf Neubert},
  title = {{An Agent-Based Intelligent Control Platform for Industrial Holonic Manufacturing Systems}},
  year = {2006},
  language = {english},
  }
  
  @ARTICLE{Ueda:1992:A_Concept,
  author = {Kanji Ueda},
  title = {{A Concept for Bionic Manufacturing Systems Based on DNA-type Information}},
  year = {1992},
  language = {english},
  }
  
  @INBOOK{Warnecke:1993:The_Fractal,
  author = {Warnecke, H. J.},
  title = {The Fractal Company},
  publisher = {Springer},
  year = {1993},
  language = {english},
  }
  
  @ARTICLE{Lim_Zhang:2003:A_multi_agent,
  author = {M.K.Lim and Z. Zhang},
  title = {{A multi-agent based manufacturing control strategy for responsive manufacturing}},
  year = {2003},
  language = {english},
  }
  
  @ARTICLE{Montreuil_Frayret:2000:A_strategic,
  author = {Benoit Montreuil and Jean-Marc Frayret and Sophie D’Amours},
  title = {{A strategic framework for networked manufacturing}},
  year = {2000},
  language = {english},
  }
  
  @ARTICLE{Marquesa_Agostinho:2017:Decentralized_decision,
  author = {Maria Marquesa and Carlos Agostinho and Gregory Zacharewicz and Ricardo Jardim-Gonçalves},
  title = {{Decentralized decision support for intelligent manufacturing in Industry 4.0}},
  year = {2017},
  language = {english},
  }
  
  
  @INBOOK{Hubanks:1998:Self_organizing,
  author = {Hubanks, B.},
  title = {Self-organizing military logistics},
  publisher = {Cambridge, Mass.},
  year = {1998},
  language = {english},
  }
  
  @ARTICLE{Tao_Zhang:2011:Cloud_manufacturing,
  author = {F Tao and L Zhang and V C Venkatesh and Y Luo and and Y Cheng},
  title = {{Cloud manufacturing: a computing and service oriented manufacturing model}},
  year = {2011},
  language = {english},
  }
  
  @ARTICLE{Xu:2012:From_cloud,
  author = {Xun Xu},
  title = {{From cloud computing to cloud manufacturing}},
  year = {2012},
  language = {english},
  }
  
  @ARTICLE{Wu_Greer:2013:Cloud_manufacturing,
  author = {Dazhong Wu and Matthew John Greer and David W. Rosen and Dirk Schaefer},
  title = {{Cloud manufacturing: Strategic vision and state-of-the-art}},
  year = {2013},
  language = {english},
  }
  
  @INBOOK{Virtualization:2009,
  title = {Virtualization for Dummies},
  publisher = {Sun Microsytems},
  year = {2009},
  language = {english},
  }
  
  @ARTICLE{Helo_Suorsa:2014:Toward_a,
  author = {Petri Helo and Mikko Suorsa and Yuqiuge Hao and Pornthep Anussornnitisarn},
  title = {{Toward a cloud-based manufacturing execution system for distributed manufacturing}},
  year = {2014},
  language = {english},
  }
  
  @ARTICLE{Zhang_Guo:2010:Flexible_management,
  author = {L. Zhang and H. Guo and F. Tao and Y. L. Luo and N. Si},
  title = {{Flexible management of resource service composition in cloud manufacturing}},
  year = {2010},
  language = {english},
  }
  
  @ARTICLE{Wang:2013:Machine_availability,
  author = {Lihui Wang},
  title = {{Machine availability monitoring and machining process planning towards Cloud manufacturing}},
  year = {2013},
  language = {english},
  }
  
  @ARTICLE{C´erin:2014:Downtime_Statistics,
  author = {Christophe C´erin and others},
  title = {{Downtime Statistics of Current Cloud Solutions}},
  year = {2014},
  language = {english},
  }
  
  @INBOOK{Kurose_Ross:2013:Computer_Networking,
  author = {Kurose, J.F. and Ross, K.W},
  title = {{Computer Networking: A Top-Down Approach}},
  publisher = {New York: Addison-Wesley. p. 41.},
  year = {2013},
  language = {english},
  }
     
  @ARTICLE{Weng_Wolf:2004:Characterizing_Network,
  author = {Ning Weng and T. Wolf},
  title = {{Characterizing Network Processing Delay}},
  year = {2004},
  language = {english},
  }

@ARTICLE{Loeser_Haertig:2004:Low_Latency,
  author = {Jork Loeser and Hermann Haertig},
  title = {{Low-latency Hard Real-Time Communication over Switched Ethernet}},
  year = {2004},
  language = {english},
  }  
    
  
  @MISC{CISCO_WIKI,
  title = {{CISCO Wiki}},
  note = {
    {URL:} \url{http://docwiki.cisco.com/wiki/Introduction_to_WAN_Technologies/} [accessed: 2017-08-30]
    },
  language = {english},
  }
  
  @ARTICLE{Haupert:2013:DOMeMan,
  author = {Jens Haupert},
  title = {{DOMeMan : Repraesentation, Verwaltung und Nutzung von digitalen Objektgedaechtnissen}},
  year = {2013},
  language = {english},
  } 

@MISC{Data_link_layer,
  title = {{Data Link Layer (Layer 2), Charles M. Kozierok}},
  note = {
    {URL:} \url{tcpipguide.com} [accessed: 2017-08-29]
    },
  language = {english},
  }  


@MISC{MOM_Siemens,
  title = {{Manufacturing Operations Management from Siemens}},
  note = {
    {URL:} \url{https://www.plm.automation.siemens.com/mom/} [accessed: 2017-08-29]
    },
  language = {english},
  }
  
  @MISC{ISO_62264-3:2016,
  title = {{IEC 62264-3:2016}},
  note = {
    {URL:} \url{https://www.iso.org/standard/67480.html} [accessed: 2017-08-29]
    },
  language = {english},
  }

@BOOK{Bookman:2014:Somebook,
  editor = {Bookman, C. U.},
  title = {{Some Book about This and That}},
  publisher = {The Somebook Publisher Inc., Somewhere},
  year = {2014},
  month = JAN,
  note = {{ISBN:} 978-99-99-99-99-9},
  language = {english},
  }

@INBOOK{Chapman:2014:Starting,
  author = {Chapman, R. and Chapman Jr., S. A.},
  title = {Starting with This and That},
  booktitle = {{Some Book about This and That}},
  publisher = {The Somebook Publisher Inc., Somewhere},
  crossref = {Bookman:2014:Somebook},
  year = {2014},
  month = JAN,
  note = {
    Chapter 1, pp. 1--14,
    in Bookman, C. U., Some Book about This and That,
    {ISBN:} 978-99-99-99-99-9},
  language = {english},
  }
  
  @INPROCEEDINGS{Firstman:2013:Ongoing,
  author = {Firstman, J. and Secondman, B. C. and Thirdman, A. C.},
  title = {{Ongoing Research for This and That}},
  booktitle = {Proceedings of the
    4$^{\textrm th}$ International Conference on This and That (ICTT)
    July 12--14, 2013, Somecity, Somecountry},
  publisher = {Worldwide Publisher},
  year = {2013},
  month = JUL,
  pages = {1231--1238},
  note = {{Edwards, C. U., Ed.}, {ISBN:} 9-9-9-9-9-9, {ISSN:} 99-99-99-99-99,
    {URL:} \url{http://www.someworldwideindex.org/} [accessed: 2014-01-01]
    },
  language = {english},
  }

